@online{EEStackExchangeSevenSegmentHex,
  author = {Electrical Engineering Stack Exchange},
  title = {HEX to 7 segment decoder for a common anode 7 SEG display},
  year = 2018,
  howpublished={\url{https://electronics.stackexchange.com/questions/373034/hex-to-7-segment-decoder-for-a-common-anode-7-seg-display}},
  urldate = {2018-10-10}
}
