@online{WikipediaDeMorgan,
  author = {Wikipedia},
  title = {Augustus De Morgan},
  year = 2018,
  howpublished={\url{https://en.wikipedia.org/wiki/Augustus_De_Morgan}},
  urldate = {2018-09-30}
}
