@online{SparkFunSpi,
  author = {Mike Grusin},
  title = {Serial Peripheral Interface (SPI)},
  publisher={SparkFun Electronics},
  howpublished={\url{https://learn.sparkfun.com/tutorials/serial-peripheral-interface-spi}},
  urldate = {2018-11-08}
}
